% This file was created with Citavi 6.3.0.0

@article{Brewer.2012,
 author = {Brewer, E.},
 year = {2012},
 title = {CAP twelve years later: How the rules have changed},
 pages = {23--29},
 volume = {45},
 number = {2},
 issn = {0018-9162},
 journal = {Computer},
 doi = {10.1109/MC.2012.37}
}

@online{dbkeyvalue,
    author = {solid IT gmbh},
    title = {Key-Value Stores},
    year = 2019,
    url = {https://db-engines.com/de/article/Key-Value+Stores},
    urldate = {2019-04-04}
}

@online{fulmanskikeyvalue,
    author = {Fulmanski},
    title = {Key-Value Stores},
    year = 2017,
    url = {http://fulmanski.pl/tutorials/computer-science/nosql/key-value-stores/},
    urldate = {2019-04-04}
}

@online{introredis,
    author = {redislabs},
    title = {Introduction to Redis},
    year = 2019,
    url = {https://redis.io/topics/introduction},
    urldate = {2019-04-04}
}

@online{clientredis,
    author = {redislabs},
    title = {Introduction to Redis},
    year = 2019,
    url = {https://redis.io/clients},
    urldate = {2019-04-04}
}

@online{russoredis,
    author = {Russo, Michael},
    title = {Redis, from the Ground Up},
    year = 2010,
    url = {https://mjrusso.com/redis-from-the-ground-up/},
    urldate = {2019-04-04}
}

@online{wikiredis,
    author = {Wikipedia},
    title = {Redis},
    year = 2019,
    url = {https://en.wikipedia.org/wiki/Redis},
    urldate = {2019-04-04}
}

@online{datatypesredis,
    author = {redislabs},
    title = {Data types},
    year = 2019,
    url = {https://redis.io/topics/data-types},
    urldate = {2019-04-04}
}

@online{replicaredis,
    author = {redislabs},
    title = {Data types},
    year = 2019,
    url = {https://redis.io/topics/replication},
    urldate = {2019-04-04}
}

@online{partitionredis,
    author = {redislabs},
    title = {Data types},
    year = 2019,
    url = {https://redis.io/topics/partitioning},
    urldate = {2019-04-04}
}

@online{persistenceredis,
    author = {redislabs},
    title = {Data types},
    year = 2019,
    url = {https://redis.io/topics/persistence},
    urldate = {2019-04-04}
}
